% This file was created with JabRef 2.10b2.
% Encoding: UTF-8


@TechReport{Alter2008,
  Title                    = {Using PWM Output as a Digital-to-Analog Converter on a
TMS320F280x Digital Signal Controller},
  Author                   = {David M. Alter},
  Institution              = {Texas Instruments},
  Year                     = {2008},

  Owner                    = {storm},
  Timestamp                = {2014.01.26}
}

@Misc{Mabuchi,
  Title                    = {RS-540SH},

  Author                   = {Mabuchi Motor},
  HowPublished             = {\url{http://www.mabuchi-motor.co.jp/cgi-bin/catalog/e_catalog.cgi?CAT_ID=rs_540sh}},
  Month                    = {Mai},
  Note                     = {Online; accessed 20-Mai-2014},
  Year                     = {2014},

  Owner                    = {storm},
  Timestamp                = {2014.05.20}
}

@Misc{L298,
  Title                    = {L298 DUAL FULL-BRIDGE DRIVER},

  Author                   = {STMicroelectronics
},
  HowPublished             = {\url{https://www.sparkfun.com/datasheets/Robotics/L298_H_Bridge.pdf}},
  Month                    = {Juni},
  Note                     = {Online; accessed 17-Juni-2014},
  Year                     = {2014},

  Owner                    = {storm},
  Timestamp                = {2014.05.20}
}@Misc{FET_D_TABLE,
  Title                    = {MOSFET-Treiber},

  Author                   = {mikrocontroller.net},
  HowPublished             = {\url{http://www.mikrocontroller.net/articles/MOSFET-%C3%9Cbersicht#MOSFET-Treiber}},
  Month                    = {Juni},
  Note                     = {Online; accessed 17-Juni-2014},
  Year                     = {2014},

  Owner                    = {storm},
  Timestamp                = {2014.05.20}
}

@Article{Krucker2000,
  Title                    = {Elektronische Signalverarbeitung},
  Author                   = {Gerhard Krucker},
  Year                     = {2000},
  PUBLISHER		   = {Hochschule für Technik und Architektur Bern}
}

@Misc{ds-WS2812,
 author = {{Worldsemi}},
 title = {Datenblatt WS2812},
 howpublished = {\url{http://www.adafruit.com/datasheets/WS2812.pdf}},
 Note = {Online; accessed 20-Mai-2014},
}

@Misc{ds-at90can,
 author = {Atmel},
 title = {Datenblatt AT90CAN},
 howpublished = {\url{http://www.atmel.com/Images/doc7679.pdf}},
 Note = {Online; accessed 20-Mai-2014},
}

@Misc{ds-sharp-GP2D120,
 author = {Sharp},
 title = {Datenblatt GP2D120},
 howpublished = {\url{http://www.sharpsma.com/webfm_send/1205}},
 Note = {Online; accessed 20-Mai-2014},
}

@Misc{ds-sharp-GP2D12,
 author = {Sharp},
 title = {Datenblatt GP2D12},
 howpublished = {\url{http://www.sharpsma.com/webfm_send/1203}},
 Note = {Online; accessed 20-Mai-2014},
}

@Misc{website-servo,
 author = {Kurt Moraw},
 title = {Empfänger- stromversorgung},
 howpublished = {\url{http://www.flyheli.de/rxversorgung.htm}},
 Note = {Online; accessed 30-Juni-2014},
}
@Misc{website-panda-supply,
 author = {{Omappedia}},
 title = {PandaBoard FAQ},
 howpublished = {\url{http://omappedia.org/wiki/PandaBoard_FAQ#What_are_the_specs_of_the_Power_supply_I_should_use_with_a_PandaBoard.3F}},
 Note = {Online; accessed 30-Juni-2014},
}
@Misc{website-panda-power,
 author = {Omar R Barron},
 title = {Panda Test Data},
 howpublished = {\url{http://omappedia.org/wiki/Panda_Test_Data}},
 Note = {Online; accessed 30-Juni-2014},
}


\url{}